%YAML 1.1
%TAG !u! tag:unity3d.com,2011:
--- !u!1 &1851328864557434
GameObject:
  serializedVersion: 6
  m_ObjectHideFlags: 0
  m_CorrespondingSourceObject: {fileID: 0}
  m_PrefabInstance: {fileID: 0}
  m_PrefabAsset: {fileID: 0}
  m_Component:
  - component: {fileID: 4488183284321949}
  - component: {fileID: 33740461315546766}
  - component: {fileID: 23099986465413447}
  - component: {fileID: 54132949869123335}
  - component: {fileID: 8385802706844705248}
  - component: {fileID: 114138433706239069}
  - component: {fileID: 114187854999019271}
  - component: {fileID: 135874566746677621}
  m_Layer: 0
  m_Name: BoxSwordRoll
  m_TagString: Grabbable
  m_Icon: {fileID: 0}
  m_NavMeshLayer: 0
  m_StaticEditorFlags: 0
  m_IsActive: 1
--- !u!4 &4488183284321949
Transform:
  m_ObjectHideFlags: 0
  m_CorrespondingSourceObject: {fileID: 0}
  m_PrefabInstance: {fileID: 0}
  m_PrefabAsset: {fileID: 0}
  m_GameObject: {fileID: 1851328864557434}
  m_LocalRotation: {x: 0, y: 0, z: 0, w: 1}
  m_LocalPosition: {x: 0, y: 0, z: 0}
  m_LocalScale: {x: 1.2, y: 1.2, z: 1.2}
  m_ConstrainProportionsScale: 0
  m_Children:
  - {fileID: 4053337521435595}
  m_Father: {fileID: 0}
  m_RootOrder: 0
  m_LocalEulerAnglesHint: {x: 0, y: -0, z: -0}
--- !u!33 &33740461315546766
MeshFilter:
  m_ObjectHideFlags: 0
  m_CorrespondingSourceObject: {fileID: 0}
  m_PrefabInstance: {fileID: 0}
  m_PrefabAsset: {fileID: 0}
  m_GameObject: {fileID: 1851328864557434}
  m_Mesh: {fileID: 10202, guid: 0000000000000000e000000000000000, type: 0}
--- !u!23 &23099986465413447
MeshRenderer:
  m_ObjectHideFlags: 0
  m_CorrespondingSourceObject: {fileID: 0}
  m_PrefabInstance: {fileID: 0}
  m_PrefabAsset: {fileID: 0}
  m_GameObject: {fileID: 1851328864557434}
  m_Enabled: 1
  m_CastShadows: 1
  m_ReceiveShadows: 1
  m_DynamicOccludee: 1
  m_StaticShadowCaster: 0
  m_MotionVectors: 1
  m_LightProbeUsage: 1
  m_ReflectionProbeUsage: 1
  m_RayTracingMode: 2
  m_RayTraceProcedural: 0
  m_RenderingLayerMask: 1
  m_RendererPriority: 0
  m_Materials:
  - {fileID: 2100000, guid: 93419cfa7004eda44879e42e9886a6da, type: 2}
  m_StaticBatchInfo:
    firstSubMesh: 0
    subMeshCount: 0
  m_StaticBatchRoot: {fileID: 0}
  m_ProbeAnchor: {fileID: 0}
  m_LightProbeVolumeOverride: {fileID: 0}
  m_ScaleInLightmap: 1
  m_ReceiveGI: 1
  m_PreserveUVs: 0
  m_IgnoreNormalsForChartDetection: 0
  m_ImportantGI: 0
  m_StitchLightmapSeams: 0
  m_SelectedEditorRenderState: 3
  m_MinimumChartSize: 4
  m_AutoUVMaxDistance: 0.5
  m_AutoUVMaxAngle: 89
  m_LightmapParameters: {fileID: 0}
  m_SortingLayerID: 0
  m_SortingLayer: 0
  m_SortingOrder: 0
  m_AdditionalVertexStreams: {fileID: 0}
--- !u!54 &54132949869123335
Rigidbody:
  serializedVersion: 2
  m_ObjectHideFlags: 0
  m_CorrespondingSourceObject: {fileID: 0}
  m_PrefabInstance: {fileID: 0}
  m_PrefabAsset: {fileID: 0}
  m_GameObject: {fileID: 1851328864557434}
  m_Mass: 1
  m_Drag: 0
  m_AngularDrag: 0.05
  m_UseGravity: 1
  m_IsKinematic: 0
  m_Interpolate: 0
  m_Constraints: 56
  m_CollisionDetection: 3
--- !u!1818360608 &8385802706844705248
PositionConstraint:
  m_ObjectHideFlags: 0
  m_CorrespondingSourceObject: {fileID: 0}
  m_PrefabInstance: {fileID: 0}
  m_PrefabAsset: {fileID: 0}
  m_GameObject: {fileID: 1851328864557434}
  m_Enabled: 0
  m_Weight: 1
  m_TranslationAtRest: {x: 0, y: 0, z: 0}
  m_TranslationOffset: {x: 0, y: 0, z: 0}
  m_AffectTranslationX: 1
  m_AffectTranslationY: 1
  m_AffectTranslationZ: 1
  m_IsContraintActive: 1
  m_IsLocked: 0
  m_Sources:
  - sourceTransform: {fileID: 0}
    weight: 1
--- !u!114 &114138433706239069
MonoBehaviour:
  m_ObjectHideFlags: 0
  m_CorrespondingSourceObject: {fileID: 0}
  m_PrefabInstance: {fileID: 0}
  m_PrefabAsset: {fileID: 0}
  m_GameObject: {fileID: 1851328864557434}
  m_Enabled: 1
  m_EditorHideFlags: 0
  m_Script: {fileID: 11500000, guid: 005eebe2bba9ec5594e306468a26b018, type: 3}
  m_Name:
  m_EditorClassIdentifier:
  isFreezeZ: 1
  isGrabbable: 1
  canThrow: 0
  resetOnDistance: 0
  swapGravity: 0
  id: 0
  secureCollider: {fileID: 1688600315069953}
  neverSleep: 0
--- !u!114 &114187854999019271
MonoBehaviour:
  m_ObjectHideFlags: 0
  m_CorrespondingSourceObject: {fileID: 0}
  m_PrefabInstance: {fileID: 0}
  m_PrefabAsset: {fileID: 0}
  m_GameObject: {fileID: 1851328864557434}
  m_Enabled: 1
  m_EditorHideFlags: 0
  m_Script: {fileID: 11500000, guid: e0790a262f8e862236177bec53695263, type: 3}
  m_Name:
  m_EditorClassIdentifier:
  fxFire: {fileID: 1258014272722318, guid: d766beb905c68c3408fe9a89eb0edc94, type: 2}
  fxBox: {fileID: 1732665649217822, guid: bd97a002a86614546b0dec6e2e7bff60, type: 2}
  objectToSpawn: {fileID: 1100461781574777, guid: 67b70c58a5242ae4fb62d55340dbd49a, type: 2}
--- !u!135 &135874566746677621
SphereCollider:
  serializedVersion: 2
  m_ObjectHideFlags: 0
  m_CorrespondingSourceObject: {fileID: 0}
  m_PrefabInstance: {fileID: 0}
  m_PrefabAsset: {fileID: 0}
  m_GameObject: {fileID: 1851328864557434}
  m_Material: {fileID: 0}
  m_IsTrigger: 0
  m_Enabled: 1
  m_Radius: 0.49999997
  m_Center: {x: 0, y: 0, z: 0}
--- !u!1 &1688600315069953
GameObject:
  serializedVersion: 6
  m_ObjectHideFlags: 0
  m_CorrespondingSourceObject: {fileID: 0}
  m_PrefabInstance: {fileID: 0}
  m_PrefabAsset: {fileID: 0}
  m_Component:
  - component: {fileID: 4053337521435595}
  - component: {fileID: 65447490146059362}
  m_Layer: 13
  m_Name: SecureCollision
  m_TagString: Untagged
  m_Icon: {fileID: 0}
  m_NavMeshLayer: 0
  m_StaticEditorFlags: 0
  m_IsActive: 0
--- !u!4 &4053337521435595
Transform:
  m_ObjectHideFlags: 0
  m_CorrespondingSourceObject: {fileID: 0}
  m_PrefabInstance: {fileID: 0}
  m_PrefabAsset: {fileID: 0}
  m_GameObject: {fileID: 1688600315069953}
  m_LocalRotation: {x: 0, y: 0, z: 0, w: 1}
  m_LocalPosition: {x: 0, y: 0, z: 0}
  m_LocalScale: {x: 1, y: 1, z: 1}
  m_ConstrainProportionsScale: 0
  m_Children: []
  m_Father: {fileID: 4488183284321949}
  m_RootOrder: 0
  m_LocalEulerAnglesHint: {x: 0, y: -0, z: -0}
--- !u!65 &65447490146059362
BoxCollider:
  serializedVersion: 2
  m_ObjectHideFlags: 0
  m_CorrespondingSourceObject: {fileID: 0}
  m_PrefabInstance: {fileID: 0}
  m_PrefabAsset: {fileID: 0}
  m_GameObject: {fileID: 1688600315069953}
  m_Material: {fileID: 0}
  m_IsTrigger: 0
  m_Enabled: 1
  m_Size: {x: 1, y: 1, z: 1}
  m_Center: {x: 0, y: 0, z: 0}
